% bmc_article.bib
% 
%  An example of bibtex entries.
%  Entries taken from BMC instructions for authors page.

% uncomment next line to make author-year bibliography
% @settings{label, options="nameyear"}

\usepackage{url}

@article{blank,
	author  = {}, 
	title   = {},
	journal = {}, 
	year  = {},
	  month = {}, 
	  volume= {}, 
	  number= {}, 
	  pages = {},
	  note  = {} 
}	


@book{who_2019,
	address = {S.l.},
	title = {{World} {Malaria} {Report} 2019.},
	isbn = {978-92-4-156572-1},
	language = {en},
	publisher = {{World Health Organization}},
	author = {{World Health Organization}},
	year = {2019},
	note = {OCLC: 1156338614}
}

@techreport{who_2019_definitions,
  title={{WHO malaria terminology}},
  author={{World Health Organization}},
  year={2019},
  institution={{World Health Organization}}
}

%%%%%%%%
% Webpage Link / URL
%
@webpage{mouse,
	title  = {The Mouse Tumor Biology Database},
	url = {http://tumor.informatics.jax.org/cancer\_links.html}
}

@article{Battle2019,
   author = {Battle, K. E. and Lucas, T. C. D. and Nguyen, M. and Howes, R. E. and Nandi, A. K. and Twohig, K. A. and Pfeffer, D. A. and Cameron, E. and Rao, P. C. and Casey, D. and Gibson, H. S. and Rozier, J. A. and Dalrymple, U. and Keddie, S. H. and Collins, E. L. and Harris, J. R. and Guerra, C. A. and Thorn, M. P. and Bisanzio, D. and Fullman, N. and Huynh, C. K. and Kulikoff, X. and Kutz, M. J. and Lopez, A. D. and Mokdad, A. H. and Naghavi, M. and Nguyen, G. and Shackelford, K. A. and Vos, T. and Wang, H. and Lim, S. S. and Murray, C. J. L. and Price, R. N. and Baird, J. K. and Smith, D. L. and Bhatt, S. and Weiss, D. J. and Hay, S. I. and Gething, P. W.},
   title = {Mapping the global endemicity and clinical burden of Plasmodium vivax, 2000-17: a spatial and temporal modelling study},
   journal = {Lancet},
   volume = {394},
   number = {10195},
   pages = {332-343},
   ISSN = {0140-6736},
   DOI = {10.1016/s0140-6736(19)31096-7},
   year = {2019},
   type = {Journal Article}
}

@article{WHO2015malaria,
   author = {{World Health Organization}},
   title = {Guidelines for the Treatment of Malaria},
   year = {2015},
   type = {Report}
}


@article{commons2019,
	title = {Risk of {Plasmodium} vivax parasitaemia after {Plasmodium} falciparum infection: a systematic review and meta-analysis},
	volume = {19},
	issn = {1474-4457},
	shorttitle = {Risk of {Plasmodium} vivax parasitaemia after {Plasmodium} falciparum infection},
	doi = {10.1016/S1473-3099(18)30596-6},
	language = {eng},
	number = {1},
	journal = {The Lancet. Infectious Diseases},
	author = {Commons, Robert J. and Simpson, Julie A. and Thriemer, Kamala and Hossain, Mohammad S. and Douglas, Nicholas M. and Humphreys, Georgina S. and Sibley, Carol H. and Guerin, Philippe J. and Price, Ric N.},
	month = jan,
	year = {2019},
	pmid = {30587297},
	pmcid = {PMC6300482},
	pages = {91--101},
}

@article{Chu2017,
   author = {Chu, C. S. and Bancone, G. and Moore, K. A. and Win, H. H. and Thitipanawan,
N. and Po, C. and Chowwiwat, N. and Raksapraidee, R. and Wilairisak, P. and Phyo, A. P.
and Keereecharoen, L. and Proux, S. and Charunwatthana, P. and Nosten, F. and White, N. J.},
   title = {Haemolysis in G6PD Heterozygous Females Treated with Primaquine for Plasmodium 

vivax Malaria: A Nested Cohort in a Trial of Radical Curative Regimens},
   journal = {PLoS Med},
   volume = {14},
   number = {2},
   pages = {e1002224},
   note = {1549-1676},
   ISSN = {1549-1277},
   DOI = {10.1371/journal.pmed.1002224},
   year = {2017},
   type = {Journal Article}
}

@article{Chu2017backup,
   author = {Chu, C. S. and Bancone, G. and Moore, K. A. and Win, H. H. and Thitipanawan, 

N. and Po, C. and Chowwiwat, N. and Raksapraidee, R. and Wilairisak, P. and Phyo, A. P. 

and Keereecharoen, L. and Proux, S. and Charunwatthana, P. and Nosten, F. and White, N. 

J.},
   title = {Haemolysis in G6PD Heterozygous Females Treated with Primaquine for Plasmodium 

vivax Malaria: A Nested Cohort in a Trial of Radical Curative Regimens},
   journal = {PLoS Med},
   volume = {14},
   number = {2},
   pages = {e1002224},
   note = {1549-1676
Chu, Cindy S
ORCID: http://orcid.org/0000-0001-9465-8214
Bancone, Germana
ORCID: http://orcid.org/0000-0003-4550-0431
Moore, Kerryn A
ORCID: http://orcid.org/0000-0002-8333-8271
Win, Htun Htun
Thitipanawan, Niramon
Po, Christina
Chowwiwat, Nongnud
Raksapraidee, Rattanaporn
Wilairisak, Pornpimon
Phyo, Aung Pyae
ORCID: http://orcid.org/0000-0002-0383-9624
Keereecharoen, Lily
Proux, Stephane
Charunwatthana, Prakaykaew
ORCID: http://orcid.org/0000-0001-5968-2032
Nosten, Francois
ORCID: http://orcid.org/0000-0002-7951-0745
White, Nicholas J
ORCID: http://orcid.org/0000-0002-1897-1978
Journal Article
United States
PLoS Med. 2017 Feb 7;14(2):e1002224. doi: 10.1371/journal.pmed.1002224. eCollection 2017 

Feb.},
   ISSN = {1549-1277},
   DOI = {10.1371/journal.pmed.1002224},
   year = {2017},
   type = {Journal Article}
}

@article{douglas2013,
	title = {Gametocyte {Dynamics} and the {Role} of {Drugs} in {Reducing} the {Transmission} {Potential} of {Plasmodium} vivax},
	volume = {208},
	issn = {0022-1899},
	url = {https://academic.oup.com/jid/article/208/5/801/796528},
	doi = {10.1093/infdis/jit261},
	language = {en},
	number = {5},
	urldate = {2019-06-03},
	journal = {The Journal of Infectious Diseases},
	author = {Douglas, Nicholas M. and Simpson, Julie A. and Phyo, Aung Pyae and Siswantoro, Hadjar and Hasugian, Armedy R. and Kenangalem, Enny and Poespoprodjo, Jeanne Rini and Singhasivanon, Pratap and Anstey, Nicholas M. and White, Nicholas J. and Tjitra, Emiliana and Nosten, Francois and Price, Ric N.},
	month = sep,
	year = {2013},
	pages = {801--812},
}

@Article{Sandfort2020,
    author={Sandfort, Mirco
    and Vantaux, Am{\~A}lie
    and Kim, Saorin
    and Obadia, Thomas
    and Pepey, Ana{\~A}s
    and Gardais, Soazic
    and Khim, Nimol
    and Lek, Dysoley
    and White, Michael
    and Robinson, Leanne J.
    and Witkowski, Benoit
    and Mueller, Ivo},
    title={Forest malaria in Cambodia: the occupational and spatial clustering of Plasmodium vivax and Plasmodium falciparum infection risk in a cross-sectional survey in Mondulkiri province, Cambodia},
    journal={Malaria Journal},
    year={2020},
    month={Nov},
    day={19},
    volume={19},
    number={1},
    pages={413},
    abstract={After a marked reduction in malaria burden in Cambodia over the last decades, case numbers increased again in 2017{\^a}{\texteuro}``2018. In light of the national goal of malaria elimination by 2025, remaining pockets of high risk need to be well defined and strategies well-tailored to identify and target the persisting burden cost-effectively. This study presents species-specific prevalence estimates and risk stratification for a remote area in Cambodia.},
    issn={1475-2875},
    doi={10.1186/s12936-020-03482-4},
    url={https://doi.org/10.1186/s12936-020-03482-4}
}


@article{scott2017,
	title = {Maximizing the impact of malaria funding through allocative efficiency: using the right interventions in the right locations},
	volume = {16},
	issn = {1475-2875},
	shorttitle = {Maximizing the impact of malaria funding through allocative efficiency},
	url = {http://malariajournal.biomedcentral.com/articles/10.1186/s12936-017-2019-1},
	doi = {10.1186/s12936-017-2019-1},
	language = {en},
	number = {1},
	urldate = {2018-08-30},
	journal = {Malaria Journal},
	author = {Scott, Nick and Hussain, S. Azfar and Martin-Hughes, Rowan and Fowkes, Freya J. I. and Kerr, Cliff C. and Pearson, Ruth and Kedziora, David J. and Killedar, Madhura and Stuart, Robyn M. and Wilson, David P.},
	month = dec,
	year = {2017},

}

@article{kim2011performance,
  title={Performance of the CareStart G6PD deficiency screening test, a point-of-care diagnostic for primaquine therapy screening},
  author={Kim, Saorin and Nguon, Chea and Guillard, Bertrand and Duong, Socheat and Chy, Sophy and Sum, Sarorn and Nhem, Sina and Bouchier, Christiane and Tichit, Magali and Christophel, Eva and others},
  journal={PloS one},
  volume={6},
  number={12},
  pages={e28357},
  year={2011},
  publisher={Public Library of Science}
}

@article{khim2013g6pd,
  title={G6PD deficiency in Plasmodium falciparum and Plasmodium vivax malaria-infected Cambodian patients},
  author={Khim, Nimol and Benedet, Christophe and Kim, Saorin and Kheng, Sim and Siv, Sovannaroth and Leang, Rithea and Lek, Soley and Muth, Sinuon and Chea, Nguon and Chuor, Char Meng and others},
  journal={Malaria journal},
  volume={12},
  number={1},
  pages={1--10},
  year={2013},
  publisher={Springer}
}


@article{ngor2018,
	title = {Smartphones for community health in rural {Cambodia}: {A} feasibility study},
	volume = {3},
	issn = {2398-502X},
	shorttitle = {Smartphones for community health in rural {Cambodia}},
	url = {https://www.ncbi.nlm.nih.gov/pmc/articles/PMC6069733/},
	doi = {10.12688/wellcomeopenres.13751.1},
	urldate = {2020-07-16},
	journal = {Wellcome Open Research},
	author = {Ngor, Pengby and White, Lisa J. and Chalk, Jeremy and Lubell, Yoel and Favede, Cecelia and Cheah, Phaik-Yeong and Nguon, Chea and Ly, Po and Maude, Richard J. and Sovannaroth, Siv and Day, Nicholas P. and Dunachie, Susanna},
	month = jun,
	year = {2018},
	pmid = {30116791},
	pmcid = {PMC6069733},
}

@techreport{NIS_Cambodia,
  title={Cambodia Inter-Censal Population Survey 2013: Analysis of CIPS Results Report 3: Sex and Age Structure},
  author={{National Institute of Statistics}},
  year={2013},
  institution={{Ministry of Planning, Phnom Penh, Cambodia}}
}


@unpublished{pursat_protocol2019,
  title={Plasmodium Vivax G6PD Testing and Radical Cure Project (VIGTARC) in Pursat province: Protocol V1.0},
  author={{Cambodia National Center for Parasitology, Entomology and Malaria Control}},
  year={2019},
  institution={{Ministry of Health, Phnom Penh, Cambodia}}
}

@article{lek2020tools,
  title={Tools to accelerate falciparum malaria elimination in Cambodia: a meeting report},
  author={Lek, Dysoley and Callery, James J and Nguon, Chea and Debackere, Mark and Sovannaroth, Siv and Tripura, Rupam and Wojnarski, Marius and Piola, Patrice and Khean, Soy Ty and Manion, Kylie and Nguon, Sokomar and Kunkel, Amber and Vernaeve, Lieven and Peto, Thomas J and Dantzer, Emily and Davoeung, Chan and Etienne, William and Dondorp, Arjen M and Tuseo, Luciano and von Seidlein, Lorenz and Guintran, Jean-Olivier},
  year={2020},
  publisher={Malaria Journal},
    volume={19},
    number={151},

    doi={10.1186/s12936-020-03197-6},
    url={https://doi.org/10.1186/s12936-020-03482-4},
}

@article{mueller2013natural,
  title={Natural acquisition of immunity to Plasmodium vivax: epidemiological observations and potential targets},
  author={Mueller, Ivo and Galinski, Mary R and Tsuboi, Takafumi and Arevalo-Herrera, Myriam and Collins, William E and King, Christopher L},
  journal={Advances in parasitology},
  volume={81},
  pages={77--131},
  year={2013},
  publisher={Elsevier}
}

@misc{brief_g6pdtests_2020,
  title={{G6PD testing in Cambodia and Laos \textendash~piloting and implementation}},
  author={{Clinton Health Access Initiative} and {Cambodia National Center for Parasitology, Entomology and Malaria Control, Ministry of Health, Phnom Penh, Cambodia} and {Center for Malaria, Parasitology, and Entomology (CMPE), Ministry of Health, Vientiane, Lao PDR}},
  year={2020},
  url={https://www.vivaxmalaria.org/sites/p-vivax/files/content/attachments/2021-07-21/G6PD\%20POC\%20implementation_Cambodia\%20and\%20Laos\%20experiences.pdf},
  urldate = {12/11/2021},
}

@misc{nattreat_guide2014,
  title={National treatment guidelines for malaria in Cambodia},
  author={{Cambodia National Center for Parasitology, Entomology and Malaria Control, Ministry of Health, Phnom Penh, Cambodia}},
  year={2014}
}

@article{commons2020estimating,
  title={Estimating the proportion of Plasmodium vivax recurrences caused by relapse: a systematic review and meta-analysis},
  author={Commons, Robert J and Simpson, Julie A and Watson, James and White, Nicholas J and Price, Ric N},
  journal={The American journal of tropical medicine and hygiene},
  volume={103},
  number={3},
  pages={1094},
  year={2020},
  publisher={The American Society of Tropical Medicine and Hygiene}
}

@report{Cambodia, 
    title={National Strategic Plan for Elimination of Malaria in Cambodia (2011--2025)},
    author={{Ministry of Health}},
    address={Phnom Penh, Cambodia},
    institution={{Cambodia Ministry of Health}},
    year={2015},
}

@misc{anderson1992infectious,
  title={Infectious diseases of humans: dynamics and control},
  author={Anderson, Roy M and May, Robert M},
  year={1992},
  publisher={{Oxford University Press}},
  language = {en},
}


@inproceedings{labadin2009deterministic,
  title={Deterministic malaria transmission model with acquired immunity},
  author={Labadin, J and Kon, CML and Juan, SFS},
  booktitle={Proceedings of the world congress on engineering and computer science},
  volume={2},
  pages={20--22},
  year={2009}
}

@article{churcher2015human,
  title={Human-to-mosquito transmission efficiency increases as malaria is controlled},
  author={Churcher, Thomas S and Trape, Jean-Francois and Cohuet, Anna},
  journal={Nature communications},
  volume={6},
  number={1},
  pages={1--8},
  year={2015},
  publisher={Nature Publishing Group}
}

@article{chitnis2006bifurcation,
  title={Bifurcation analysis of a mathematical model for malaria transmission},
  author={Chitnis, Nakul and Cushing, Jim M and Hyman, JM},
  journal={SIAM Journal on Applied Mathematics},
  volume={67},
  number={1},
  pages={24--45},
  year={2006},
  publisher={SIAM}
}

@article{baton2005spreading,
  title={Spreading the seeds of million-murdering death: metamorphoses of malaria in the mosquito},
  author={Baton, Luke A and Ranford-Cartwright, Lisa C},
  journal={Trends in parasitology},
  volume={21},
  number={12},
  pages={573--580},
  year={2005},
  publisher={Elsevier}
}

@article{mandal2011mathematical,
  title={Mathematical models of malaria-a review},
  author={Mandal, Sandip and Sarkar, Ram Rup and Sinha, Somdatta},
  journal={Malaria journal},
  volume={10},
  number={1},
  pages={1--19},
  year={2011},
  publisher={BioMed Central}
}

@article{mehlhorn2001encyclopedic,
  title={Encyclopedic reference of parasitology: diseases, treatment, therapy},
  author={Mehlhorn, Heinz},
  year={2001},
  volume={2},
  publisher={Springer Science \& Business Media}
}

@article{dietz1974malaria,
  title={A malaria model tested in the African savannah},
  author={Dietz, K and Molineaux, L and Thomas, A},
  journal={Bulletin of the World Health Organization},
  volume={50},
  number={3-4},
  pages={347},
  year={1974},
  publisher={World Health Organization}
}

@article{chitnis2008determining,
  title={Determining important parameters in the spread of malaria through the sensitivity analysis of a mathematical model},
  author={Chitnis, Nakul and Hyman, James M and Cushing, Jim M},
  journal={Bulletin of mathematical biology},
  volume={70},
  number={5},
  pages={1272},
  year={2008},
  publisher={Springer}
}

@article{vaughan2007population,
  title={Population dynamics of Plasmodium sporogony},
  author={Vaughan, Jefferson A},
  journal={Trends in parasitology},
  volume={23},
  number={2},
  pages={63--70},
  year={2007},
  publisher={Elsevier}
}

@misc{white2003management,
  title={The management of severe falciparum malaria},
  author={White, Nicholas J},
  journal={American journal of respiratory and critical care medicine},
  volume={167},
  number={5},
  pages={673--674},
  year={2003},
  publisher={American Thoracic Society}
}

@report{WHOmalaria2021,
  title={World Malaria Report 2021},
  author={{World Health Organization}},
  year={2021},
  publisher={{World Health Organization}},
}

@article{kheang2021cambodia,
  title={Cambodia malaria indicator survey 2020: Implications for malaria elimination},
  author={Kheang, Soy T and Por, Ir and Sovannaroth, Siv and Dysoley, Lek and Chea, Huch and Po, Ly and AlMossawi, Hala J and Al Imran, Abu and Kak, Neeraj},
  journal={MalariaWorld Journal},
  volume={12},
  year={2021},
  publisher={Dutch Malaria Foundation}
}

@article{white2011determinants,
  title={Determinants of relapse periodicity in Plasmodium vivax malaria},
  author={White, Nicholas J},
  journal={Malaria journal},
  volume={10},
  number={1},
  pages={1--36},
  year={2011},
  publisher={BioMed Central}
}

@misc{CNM_Pengby,
  title={Malaria program data 2011 to 2018},
  author={{National Center for Parasitology, Entomology and Malaria Control}},
  year={2020},
}

@report{cmep_q2_2021,
  title={Cambodia Malaria Elimination Project Quarterly Progress Report - Year 5, Quarter 2, January - March 2021},
  author={USAID},
  year={2021},
  url={https://pdf.usaid.gov/pdf_docs/PA00XJK5.pdf},
  urldate = {08/02/2022},
}

@article{kitchakarn2017implementation,
  title={{Implementation of G6PD testing and primaquine for P. vivax radical cure: operational perspectives from Thailand and Cambodia}},
  author={Kitchakarn, Suravadee and Lek, Dysoley and Thol, Sea and Hok, Chantheasy and Saejeng, Aungkana and Huy, Rekol and Chinanonwait, Nipon and Thimasarn, Krongthong and Wongsrichanalai, Chansuda},
  journal={WHO South-East Asia Journal of Public Health},
  volume={6},
  number={2},
  pages={60--68},
  year={2017},
  publisher={{World Health Organization}}
}

@article{thriemer2021towards,
  title={{Towards the elimination of Plasmodium vivax malaria: Implementing the radical cure}},
  author={Thriemer, Kamala and Ley, Benedikt and von Seidlein, Lorenz},
  journal={PLoS medicine},
  volume={18},
  number={4},
  pages={e1003494},
  year={2021},
  publisher={Public Library of Science San Francisco, CA USA}
}

@article{ruwanpura2021further,
  title={Further evidence needed to change policy for the safe and effective radical cure of vivax malaria: Insights from the 2019 annual APMEN Vivax Working Group meeting},
  author={Ruwanpura, Varunika Sonani Hapuwatte and Nowak, Spike and Gerth-Guyette, Emily and Theodora, Minerva and Dysoley, Lek and Haile, Mebratom and Peeters Grietens, Koen and Price, Ric Norman and Lynch, Caroline Anita and Thriemer, Kamala},
  journal={Asia \& the Pacific Policy Studies},
  volume={8},
  number={2},
  pages={208--242},
  year={2021},
  publisher={Wiley Online Library}
}

@article{killeen2000simplified,
  title={A simplified model for predicting malaria entomologic inoculation rates based on entomologic and parasitologic parameters relevant to control},
  author={Killeen, Gerry F and McKenzie, F Ellis and Foy, Brian D and Schieffelin, Catherine and Billingsley, Peter F and Beier, John C},
  journal={The American journal of tropical medicine and hygiene},
  volume={62},
  number={5},
  pages={535},
  year={2000},
  publisher={NIH Public Access}
}

@article{sovannaroth2022accelerating,
  title={Accelerating malaria elimination in Cambodia: an intensified approach for targeting at-risk populations},
  author={Sovannaroth, Siv and Ngor, Pengby and Khy, Vichka and Dunn, Julia C and Burbach, Michelle K and Peng, Sovann and Mak, Sarath and Siv, Krung and Manzoni, Giulia and Guintran, Jean Olivier and others},
  journal={Malaria Journal},
  volume={21},
  number={1},
  pages={1--11},
  year={2022},
  publisher={BioMed Central}
}